@article {bepsi,
author = {Chen, Lichun and Miller-Hooks, Elise},
title = {The building evacuation problem with shared information},
journal = {Naval Research Logistics (NRL)},
volume = {55},
number = {4},
publisher = {Wiley Subscription Services, Inc., A Wiley Company},
issn = {1520-6750},
url = {http://dx.doi.org/10.1002/nav.20288},
doi = {10.1002/nav.20288},
pages = {363--376},
keywords = {evacuation, shared information, time-varying, dynamic networks, benders decomposition, unsplittable flows, reoptimization},
year = {2008},
}

@article {bender,
author = {Christensen, Uffe Gram and Pedersen, Anders Bjerg},
title = {Lecture Note on Benders' Decomposition},
url = {http://www.andersbp.dk/studier/dat/OPPP/benders.pdf},
year = {2008},
}

@book{movement_params,
      author       = {DiNenno, Philip J and Custer, R. L. P. and Walton, W. and Watts, J. M.},
      title        = {The SFPE handbook of fire protection engineering},
      edition      = {1},
      publisher    = {The National Fire Protection Association},
      year         = {1988},
}

@book{fassungsvermoegen,
      author       = {National Fire Protection Association, The},
      title        = {NFPA 101 Life Safety Code},
      publisher    = {Inc.1 Batterymarch Park},
      year         = {2001},
}

@article {pedestrian,
author = {Chalmet, L. G. and Francis, R. L. and Saunders, P. B.},
title = {Network models for building evacuation},
journal = {Management Sci},
volume = {28},
pages = {86--105},
year = {1982},
}

@article{tdqfp,
    author = {Miller-Hooks, E. and Stock Patterson, S.},
    journal = {Journal of Mathematical Modelling and Algorithms},
    number = {1},
    pages = {39--71},
    title = {On Solving Quickest Time Problems in {Time-Dependent}, Dynamic Networks},
    url = {http://dx.doi.org/10.1023/B:JMMA.0000026708.57419.6d},
    volume = {3},
    year = {2004}
}

@article{single_route,
    author = {Yefim Dinitz and Naveen Garg and Michel X. Goemans},
    title = {On the Single-Source Unsplittable Flow Problem},
    journal = {Combinatorica},
    year = {1998},
    volume = {19},
    pages = {290--299}
}
